<?xml version="1.0" encoding="UTF-8"?><record xmlns="http://www.loc.gov/MARC21/slim" xmlns:cinclude="http://apache.org/cocoon/include/1.0" xmlns:zs="http://www.loc.gov/zing/srw/">
  <leader>01667cz  a2200241n  4500</leader>
  <controlfield tag="001">no2012135631</controlfield>
  <controlfield tag="003">DLC</controlfield>
  <controlfield tag="005">20121103075142.0</controlfield>
  <controlfield tag="008">121016n| azannaabn          |n aaa     c</controlfield>
  <datafield tag="010" ind1=" " ind2=" ">
    <subfield code="a">no2012135631</subfield>
  </datafield>
  <datafield tag="035" ind1=" " ind2=" ">
    <subfield code="a">(OCoLC)oca09325710</subfield>
  </datafield>
  <datafield tag="040" ind1=" " ind2=" ">
    <subfield code="a">NdU</subfield>
    <subfield code="b">eng</subfield>
    <subfield code="e">rda</subfield>
    <subfield code="c">NdU</subfield>
    <subfield code="d">DLC</subfield>
  </datafield>
  <datafield tag="100" ind1="1" ind2=" ">
    <subfield code="a">Snyder, Gary D.</subfield>
  </datafield>
  <datafield tag="370" ind1=" " ind2=" ">
    <subfield code="c">U.S.</subfield>
    <subfield code="e">Shasta Lake, Calif.</subfield>
    <subfield code="e">Beale AFB, Calif.</subfield>
  </datafield>
  <datafield tag="372" ind1=" " ind2=" ">
    <subfield code="a">Electronics</subfield>
    <subfield code="a">Technical writing</subfield>
    <subfield code="2">lcsh</subfield>
  </datafield>
  <datafield tag="373" ind1=" " ind2=" ">
    <subfield code="a">Pearson Education</subfield>
  </datafield>
  <datafield tag="373" ind1=" " ind2=" ">
    <subfield code="a">Central Valley High School</subfield>
  </datafield>
  <datafield tag="373" ind1=" " ind2=" ">
    <subfield code="a">Yuba College</subfield>
  </datafield>
  <datafield tag="374" ind1=" " ind2=" ">
    <subfield code="a">Author</subfield>
  </datafield>
  <datafield tag="375" ind1=" " ind2=" ">
    <subfield code="a">male</subfield>
  </datafield>
  <datafield tag="377" ind1=" " ind2=" ">
    <subfield code="a">eng</subfield>
  </datafield>
  <datafield tag="670" ind1=" " ind2=" ">
    <subfield code="a">Problem solving guide for DC/AC, c2012:</subfield>
    <subfield code="b">title page (Gary D. Snyder; )</subfield>
  </datafield>
  <datafield tag="670" ind1=" " ind2=" ">
    <subfield code="a">Amazon.com, WWW site, viewed Oct. 16, 2012</subfield>
    <subfield code="b">(Gary D. Snyder; first published work actually appeared in May 1980 as an AD&amp;D article in issue #49 of "Dragon" magazine. The original title was "The General Principles of Wishes", but was editorially retitled "Best Wishes! Guidelines for Giving and Getting"; also wrote a series of reasonably popular online fan fiction stories; freelance work as a reviewer and technical contributor on electronics textbooks by Tom Floyd for Pearson Education (formerly Merrill Publishing) since the late 1980s; second book was a collaborative effort with Dave Buchla, called "Multisim Experiments for DC/AC, Digital, and Devices Courses", or "DDD" for short; AS degree from Yuba College; since my high school days in Northern California's Central Valley I've used my middle initial on virtually everything I write to avoid potential confusion with the Pulitzer Award-winning beat poet Gary Snyder)</subfield>
    <subfield code="u">http://www.amazon.com/Gary-Snyder/e/B0041OARE0/ref=ntt_dp_epwbk_0</subfield>
  </datafield>
</record>